<collection xmlns="http://www.loc.gov/MARC21/slim"><record><leader>01023nam  2200289   450</leader><controlfield tag="001">394</controlfield><controlfield tag="003">http://montalegre.opacnet.com/OPAC/default.aspx?ContentAreaControl=ShowRegHoldings.ascx&amp;RegNo=16662</controlfield><datafield tag="010" ind1=" " ind2=" "><subfield code="a">972-708-196-7</subfield></datafield><datafield tag="021" ind1=" " ind2=" "><subfield code="a">PT</subfield><subfield code="b">63529/93</subfield></datafield><datafield tag="095" ind1=" " ind2=" "><subfield code="a">PTBN00580142</subfield></datafield><datafield tag="100" ind1=" " ind2=" "><subfield code="a">19940421d1993    m  y0pory0103    ba</subfield></datafield><datafield tag="101" ind1="1" ind2=" "><subfield code="a">por</subfield><subfield code="c">eng</subfield></datafield><datafield tag="102" ind1=" " ind2=" "><subfield code="a">PT</subfield></datafield><datafield tag="105" ind1=" " ind2=" "><subfield code="a">y   z   001yy</subfield></datafield><datafield tag="106" ind1=" " ind2=" "><subfield code="a">r</subfield></datafield><datafield tag="200" ind1="1" ind2=" "><subfield code="a">&lt;Um &gt;ouriço na tempestade</subfield><subfield code="e">ensaios sobre livros e ideias</subfield><subfield code="f">Stephen Jay Gould</subfield><subfield code="g">trad. Ana Luísa Faria</subfield><subfield code="g">rev. científica Clara Pinto Correia</subfield><subfield code="g">des. David Levine</subfield></datafield><datafield tag="210" ind1=" " ind2=" "><subfield code="a">Lisboa</subfield><subfield code="c">Relógio d'Água</subfield><subfield code="d">D.L. 1993</subfield></datafield><datafield tag="215" ind1=" " ind2=" "><subfield code="a">298, [3] p.</subfield><subfield code="c">il.</subfield><subfield code="d">21 cm</subfield></datafield><datafield tag="225" ind1="2" ind2=" "><subfield code="a">Cioncias</subfield></datafield><datafield tag="304" ind1=" " ind2=" "><subfield code="a">Tít. orig.: An urchin in the storm</subfield></datafield><datafield tag="675" ind1=" " ind2=" "><subfield code="a">575.8</subfield><subfield code="v">BN</subfield><subfield code="z">por</subfield><subfield code="z">por</subfield></datafield><datafield tag="700" ind1=" " ind2="1"><subfield code="a">Gould</subfield><subfield code="b">Stephen Jay</subfield><subfield code="f">1941-2002</subfield></datafield><datafield tag="702" ind1=" " ind2="1"><subfield code="a">Faria</subfield><subfield code="b">Ana Luísa</subfield><subfield code="4">730</subfield></datafield><datafield tag="702" ind1=" " ind2="1"><subfield code="a">Correia</subfield><subfield code="b">Clara Pinto</subfield><subfield code="f">1960-</subfield><subfield code="4">640</subfield></datafield><datafield tag="702" ind1=" " ind2="1"><subfield code="a">Levine</subfield><subfield code="b">David</subfield><subfield code="f">1926-</subfield><subfield code="4">440</subfield></datafield><datafield tag="801" ind1=" " ind2="0"><subfield code="a">PT</subfield><subfield code="b">Biblioteca Municipal de Montalegre</subfield><subfield code="g">RPC</subfield></datafield><datafield tag="856" ind1=" " ind2=" "><subfield code="u">locateMedia.asp?cod=20060516104615&amp;ext=jpg</subfield><subfield code="z">CAPA</subfield></datafield><datafield tag="909" ind1="&#9;" ind2=" "><subfield code="a">1</subfield></datafield><datafield tag="966" ind1=" " ind2=" "><subfield code="a">0008553</subfield><subfield code="l">BMM</subfield><subfield code="s">SCG 575 GOU our</subfield></datafield></record></collection>